@article{AHEAD,
  title={{Scaling Step-Wise Refinement}},
  author={Batory, D. and Sarvela, J.N. and Rauschmayer, A.},
  journal={IEEE Transactions on Software Engineering},
  pages={355--371},
  year={2004},
  publisher={IEEE Computer Society}
}
@article{safeAHEAD,
  title={{Safe composition of product lines}},
  author={Thaker, S. and Batory, D. and Kitchin, D. and Cook, W.},
  journal={Proceedings of the 6th international conference on Generative programming and component engineering},
  pages={95--104},
  year={2007},
  publisher={ACM Press New York, NY, USA}
}
@article{mixin,
  title={{Mixin-based inheritance}},
  author={Bracha, G. and Cook, W.},
  journal={ACM SIGPLAN Notices},
  volume={25},
  number={10},
  pages={303--311},
  year={1990}
}
@article{CaesarJ,
  title={{An Overview of CaesarJ}},
  author={Aracic, I. and Gasiunas, V. and Mezini, M. and Ostermann, K.},
  journal={Lecture Notes in Computer Science},
  volume={3880},
  pages={135},
  year={2006},
  publisher={Springer}
}
@book{CGIbook,
  title={{CGI programming on the World Wide Web}},
  author={Gundavaram, S.},
  year={1996},
  publisher={O'Reilly \& Associates, Inc. Sebastopol, CA, USA}
}
@misc{CGIeasy,
  author = "Marshall, J.",
  title = {{CGI Made Really Easy}},
  month = "April",
  year = {2002},
  note = "\texttt{http://jmarshall.com/easy/cgi}"
}
@misc{AOP,
  title={{Aspect-Oriented Programming}},
  author={Kiczales, G. and Hilsdale, E.},
  year={2003},
  publisher={Springer}
}
